%% This BibTeX bibliography file was created using BibDesk.
%% http://bibdesk.sourceforge.net/

%% Created for Aji Kisworo Mukti at 2017-09-22 15:02:47 +0700 


%% Saved with string encoding Unicode (UTF-8) 



@jurthesis{commerce2014,
	Author = {Novri Asyara Mahyudanil},
	Date-Added = {2017-09-22 06:34:50 +0000},
	Date-Modified = {2017-09-22 06:37:16 +0000},
	School = {Universitas Islam Negeri Syarif Hidayatullah},
	Title = {Rancang Bangun Mobile Commerce Berbasis Android Smartphone Dengan Extreme Programming},
	Year = {2014},
	Bdsk-File-1 = {YnBsaXN0MDDUAQIDBAUGJCVYJHZlcnNpb25YJG9iamVjdHNZJGFyY2hpdmVyVCR0b3ASAAGGoKgHCBMUFRYaIVUkbnVsbNMJCgsMDxJXTlMua2V5c1pOUy5vYmplY3RzViRjbGFzc6INDoACgAOiEBGABIAFgAdccmVsYXRpdmVQYXRoWWFsaWFzRGF0YV8Qei4uLy4uL1JlZmVyZW5zaS9UaW5qYXVhbiBQdXN0YWthL1JhbmNhbmcgQmFuZ3VuIE1vYmlsZSBDb21tZXJjZSBCZXJiYXNpcyBBbmRyb2lkIFNtYXJ0cGhvbmUgZGVuZ2FuIEV4dHJlbWUgUHJvZ3JhbW1pbmcucGRm0hcLGBlXTlMuZGF0YU8RAtIAAAAAAtIAAgAADE1hY2ludG9zaCBIRAAAAAAAAAAAAAAAAAAAANFThDxIKwAAAqfTCR9SYW5jYW5nIEJhbmd1biBNb2JpIzJBN0Q3MjgucGRmAAAAAAAAAAAAAAAAAAAAAAAAAAAAAAAAAAAAAAAAAAACp9co1em3jwAAAAAAAAAAAAIAAwAACSAAAAAAAAAAAAAAAAAAAAAQVGluamF1YW4gUHVzdGFrYQAQAAgAANFTIcwAAAARAAgAANXpVR8AAAABABgCp9MJAqQLoAKX/6IACYkfAAmJHgACmDcAAgBvTWFjaW50b3NoIEhEOlVzZXJzOgBDZW5na2FydWs6AERvY3VtZW50czoAU2tyaXBzaToAUmVmZXJlbnNpOgBUaW5qYXVhbiBQdXN0YWthOgBSYW5jYW5nIEJhbmd1biBNb2JpIzJBN0Q3MjgucGRmAAAOALQAWQBSAGEAbgBjAGEAbgBnACAAQgBhAG4AZwB1AG4AIABNAG8AYgBpAGwAZQAgAEMAbwBtAG0AZQByAGMAZQAgAEIAZQByAGIAYQBzAGkAcwAgAEEAbgBkAHIAbwBpAGQAIABTAG0AYQByAHQAcABoAG8AbgBlACAAZABlAG4AZwBhAG4AIABFAHgAdAByAGUAbQBlACAAUAByAG8AZwByAGEAbQBtAGkAbgBnAC4AcABkAGYADwAaAAwATQBhAGMAaQBuAHQAbwBzAGgAIABIAEQAEgCWVXNlcnMvQ2VuZ2thcnVrL0RvY3VtZW50cy9Ta3JpcHNpL1JlZmVyZW5zaS9UaW5qYXVhbiBQdXN0YWthL1JhbmNhbmcgQmFuZ3VuIE1vYmlsZSBDb21tZXJjZSBCZXJiYXNpcyBBbmRyb2lkIFNtYXJ0cGhvbmUgZGVuZ2FuIEV4dHJlbWUgUHJvZ3JhbW1pbmcucGRmABMAAS8AABUAAgAQ//8AAIAG0hscHR5aJGNsYXNzbmFtZVgkY2xhc3Nlc11OU011dGFibGVEYXRhox0fIFZOU0RhdGFYTlNPYmplY3TSGxwiI1xOU0RpY3Rpb25hcnmiIiBfEA9OU0tleWVkQXJjaGl2ZXLRJidUcm9vdIABAAgAEQAaACMALQAyADcAQABGAE0AVQBgAGcAagBsAG4AcQBzAHUAdwCEAI4BCwEQARgD7gPwA/UEAAQJBBcEGwQiBCsEMAQ9BEAEUgRVBFoAAAAAAAACAQAAAAAAAAAoAAAAAAAAAAAAAAAAAAAEXA==}}

@jurthesis{rab2016,
	Author = {Indra Faisol Alim},
	Date-Added = {2017-09-22 06:30:33 +0000},
	Date-Modified = {2017-09-22 06:34:15 +0000},
	School = {Universitas Islam Negeri Sunan Kalijaga},
	Title = {Rancang Bangun Aplikasi Rencana Anggaran Biaya (RAB) Untuk Bangunan Sederhana Di Yogyakarta Berbasis Android Dengan Metode Extreme Programming},
	Year = {2016},
	Bdsk-File-1 = {YnBsaXN0MDDUAQIDBAUGJCVYJHZlcnNpb25YJG9iamVjdHNZJGFyY2hpdmVyVCR0b3ASAAGGoKgHCBMUFRYaIVUkbnVsbNMJCgsMDxJXTlMua2V5c1pOUy5vYmplY3RzViRjbGFzc6INDoACgAOiEBGABIAFgAdccmVsYXRpdmVQYXRoWWFsaWFzRGF0YV8QrS4uLy4uL1JlZmVyZW5zaS9UaW5qYXVhbiBQdXN0YWthL1JhbmNhbmcgQmFuZ3VuIEFwbGlrYXNpIFJlbmNhbmEgQW5nZ2FyYW4gQmlheWEgVW50dWsgQmFuZ3VuYW4gU2VkZXJoYW5hIERpIFlvZ3lha2FydGEgQmVyYmFzaXMgQW5kcm9pZCBEZW5nYW4gTWV0b2RlIEV4dHJlbWUgUHJvZ3JhbW1pbmcucGRm0hcLGBlXTlMuZGF0YU8RA2wAAAAAA2wAAgAADE1hY2ludG9zaCBIRAAAAAAAAAAAAAAAAAAAANFThDxIKwAAAqfTCR9SYW5jYW5nIEJhbmd1biBBcGxpIzJBN0Q3NEEucGRmAAAAAAAAAAAAAAAAAAAAAAAAAAAAAAAAAAAAAAAAAAACp9dK1em36QAAAAAAAAAAAAIAAwAACSAAAAAAAAAAAAAAAAAAAAAQVGluamF1YW4gUHVzdGFrYQAQAAgAANFTIcwAAAARAAgAANXpVXkAAAABABgCp9MJAqQLoAKX/6IACYkfAAmJHgACmDcAAgBvTWFjaW50b3NoIEhEOlVzZXJzOgBDZW5na2FydWs6AERvY3VtZW50czoAU2tyaXBzaToAUmVmZXJlbnNpOgBUaW5qYXVhbiBQdXN0YWthOgBSYW5jYW5nIEJhbmd1biBBcGxpIzJBN0Q3NEEucGRmAAAOARoAjABSAGEAbgBjAGEAbgBnACAAQgBhAG4AZwB1AG4AIABBAHAAbABpAGsAYQBzAGkAIABSAGUAbgBjAGEAbgBhACAAQQBuAGcAZwBhAHIAYQBuACAAQgBpAGEAeQBhACAAVQBuAHQAdQBrACAAQgBhAG4AZwB1AG4AYQBuACAAUwBlAGQAZQByAGgAYQBuAGEAIABEAGkAIABZAG8AZwB5AGEAawBhAHIAdABhACAAQgBlAHIAYgBhAHMAaQBzACAAQQBuAGQAcgBvAGkAZAAgAEQAZQBuAGcAYQBuACAATQBlAHQAbwBkAGUAIABFAHgAdAByAGUAbQBlACAAUAByAG8AZwByAGEAbQBtAGkAbgBnAC4AcABkAGYADwAaAAwATQBhAGMAaQBuAHQAbwBzAGgAIABIAEQAEgDJVXNlcnMvQ2VuZ2thcnVrL0RvY3VtZW50cy9Ta3JpcHNpL1JlZmVyZW5zaS9UaW5qYXVhbiBQdXN0YWthL1JhbmNhbmcgQmFuZ3VuIEFwbGlrYXNpIFJlbmNhbmEgQW5nZ2FyYW4gQmlheWEgVW50dWsgQmFuZ3VuYW4gU2VkZXJoYW5hIERpIFlvZ3lha2FydGEgQmVyYmFzaXMgQW5kcm9pZCBEZW5nYW4gTWV0b2RlIEV4dHJlbWUgUHJvZ3JhbW1pbmcucGRmAAATAAEvAAAVAAIAEP//AACABtIbHB0eWiRjbGFzc25hbWVYJGNsYXNzZXNdTlNNdXRhYmxlRGF0YaMdHyBWTlNEYXRhWE5TT2JqZWN00hscIiNcTlNEaWN0aW9uYXJ5oiIgXxAPTlNLZXllZEFyY2hpdmVy0SYnVHJvb3SAAQAIABEAGgAjAC0AMgA3AEAARgBNAFUAYABnAGoAbABuAHEAcwB1AHcAhACOAT4BQwFLBLsEvQTCBM0E1gTkBOgE7wT4BP0FCgUNBR8FIgUnAAAAAAAAAgEAAAAAAAAAKAAAAAAAAAAAAAAAAAAABSk=}}

@jurthesis{kamus-akuntansi2014,
	Author = {Qoriani Widayati and Usman Ependi},
	Date-Added = {2017-09-22 06:27:18 +0000},
	Date-Modified = {2017-09-22 06:29:53 +0000},
	School = {Universitas Bina Darma},
	Title = {Rancang Bangun Aplikasi Kamus Istilah Akutansi Pada Smartphone Dengan Metode Extreme Programming},
	Year = {2014},
	Bdsk-File-1 = {YnBsaXN0MDDUAQIDBAUGJCVYJHZlcnNpb25YJG9iamVjdHNZJGFyY2hpdmVyVCR0b3ASAAGGoKgHCBMUFRYaIVUkbnVsbNMJCgsMDxJXTlMua2V5c1pOUy5vYmplY3RzViRjbGFzc6INDoACgAOiEBGABIAFgAdccmVsYXRpdmVQYXRoWWFsaWFzRGF0YV8QhS4uLy4uL1JlZmVyZW5zaS9UaW5qYXVhbiBQdXN0YWthL1JhbmNhbmcgQmFuZ3VuIEFwbGlrYXNpIEthbXVzIElzdGlsYWggQWt1dGFuc2kgUGFkYSBTbWFydHBob25lIERlbmdhbiBNZXRvZGUgRXh0cmVtZSBQcm9ncmFtbWluZy5wZGbSFwsYGVdOUy5kYXRhTxEC9AAAAAAC9AACAAAMTWFjaW50b3NoIEhEAAAAAAAAAAAAAAAAAAAA0VOEPEgrAAACp9MJH1JhbmNhbmcgQmFuZ3VuIEFwbGkjMkE3RDYzMi5wZGYAAAAAAAAAAAAAAAAAAAAAAAAAAAAAAAAAAAAAAAAAAAKn1jLV6bInAAAAAAAAAAAAAgADAAAJIAAAAAAAAAAAAAAAAAAAABBUaW5qYXVhbiBQdXN0YWthABAACAAA0VMhzAAAABEACAAA1elPtwAAAAEAGAKn0wkCpAugApf/ogAJiR8ACYkeAAKYNwACAG9NYWNpbnRvc2ggSEQ6VXNlcnM6AENlbmdrYXJ1azoARG9jdW1lbnRzOgBTa3JpcHNpOgBSZWZlcmVuc2k6AFRpbmphdWFuIFB1c3Rha2E6AFJhbmNhbmcgQmFuZ3VuIEFwbGkjMkE3RDYzMi5wZGYAAA4AygBkAFIAYQBuAGMAYQBuAGcAIABCAGEAbgBnAHUAbgAgAEEAcABsAGkAawBhAHMAaQAgAEsAYQBtAHUAcwAgAEkAcwB0AGkAbABhAGgAIABBAGsAdQB0AGEAbgBzAGkAIABQAGEAZABhACAAUwBtAGEAcgB0AHAAaABvAG4AZQAgAEQAZQBuAGcAYQBuACAATQBlAHQAbwBkAGUAIABFAHgAdAByAGUAbQBlACAAUAByAG8AZwByAGEAbQBtAGkAbgBnAC4AcABkAGYADwAaAAwATQBhAGMAaQBuAHQAbwBzAGgAIABIAEQAEgChVXNlcnMvQ2VuZ2thcnVrL0RvY3VtZW50cy9Ta3JpcHNpL1JlZmVyZW5zaS9UaW5qYXVhbiBQdXN0YWthL1JhbmNhbmcgQmFuZ3VuIEFwbGlrYXNpIEthbXVzIElzdGlsYWggQWt1dGFuc2kgUGFkYSBTbWFydHBob25lIERlbmdhbiBNZXRvZGUgRXh0cmVtZSBQcm9ncmFtbWluZy5wZGYAABMAAS8AABUAAgAQ//8AAIAG0hscHR5aJGNsYXNzbmFtZVgkY2xhc3Nlc11OU011dGFibGVEYXRhox0fIFZOU0RhdGFYTlNPYmplY3TSGxwiI1xOU0RpY3Rpb25hcnmiIiBfEA9OU0tleWVkQXJjaGl2ZXLRJidUcm9vdIABAAgAEQAaACMALQAyADcAQABGAE0AVQBgAGcAagBsAG4AcQBzAHUAdwCEAI4BFgEbASMEGwQdBCIELQQ2BEQESARPBFgEXQRqBG0EfwSCBIcAAAAAAAACAQAAAAAAAAAoAAAAAAAAAAAAAAAAAAAEiQ==}}

@jurthesis{pengaduan-masyarakat2017,
	Author = {Hardiansah and Imam Safi'i and Sigit Suryono and Wahyu Ciptaningrum and Rudy Rizal Primandaru},
	Date-Added = {2017-09-22 06:24:34 +0000},
	Date-Modified = {2017-09-22 06:26:38 +0000},
	School = {STMIK AMIKOM Yogyakarta},
	Title = {Rancangan Aplikasi Layanan Pengaduan Masyarakat Dengan Metode Extreme Programming},
	Year = {2017},
	Bdsk-File-1 = {YnBsaXN0MDDUAQIDBAUGJCVYJHZlcnNpb25YJG9iamVjdHNZJGFyY2hpdmVyVCR0b3ASAAGGoKgHCBMUFRYaIVUkbnVsbNMJCgsMDxJXTlMua2V5c1pOUy5vYmplY3RzViRjbGFzc6INDoACgAOiEBGABIAFgAdccmVsYXRpdmVQYXRoWWFsaWFzRGF0YV8QdC4uLy4uL1JlZmVyZW5zaS9UaW5qYXVhbiBQdXN0YWthL1JhbmNhbmcgQXBsaWthc2kgTGF5YW5hbiBQZW5nYWR1YW4gTWFzeWFyYWthdCBEZW5nYW4gTWV0b2RlIEV4dHJlbWUgUHJvZ3JhbW1pbmcucGRm0hcLGBlXTlMuZGF0YU8RAsAAAAAAAsAAAgAADE1hY2ludG9zaCBIRAAAAAAAAAAAAAAAAAAAANFThDxIKwAAAqfTCR9SYW5jYW5nIEFwbGlrYXNpIExhIzJBN0Q3M0EucGRmAAAAAAAAAAAAAAAAAAAAAAAAAAAAAAAAAAAAAAAAAAACp9c61em3sQAAAAAAAAAAAAIAAwAACSAAAAAAAAAAAAAAAAAAAAAQVGluamF1YW4gUHVzdGFrYQAQAAgAANFTIcwAAAARAAgAANXpVUEAAAABABgCp9MJAqQLoAKX/6IACYkfAAmJHgACmDcAAgBvTWFjaW50b3NoIEhEOlVzZXJzOgBDZW5na2FydWs6AERvY3VtZW50czoAU2tyaXBzaToAUmVmZXJlbnNpOgBUaW5qYXVhbiBQdXN0YWthOgBSYW5jYW5nIEFwbGlrYXNpIExhIzJBN0Q3M0EucGRmAAAOAKgAUwBSAGEAbgBjAGEAbgBnACAAQQBwAGwAaQBrAGEAcwBpACAATABhAHkAYQBuAGEAbgAgAFAAZQBuAGcAYQBkAHUAYQBuACAATQBhAHMAeQBhAHIAYQBrAGEAdAAgAEQAZQBuAGcAYQBuACAATQBlAHQAbwBkAGUAIABFAHgAdAByAGUAbQBlACAAUAByAG8AZwByAGEAbQBtAGkAbgBnAC4AcABkAGYADwAaAAwATQBhAGMAaQBuAHQAbwBzAGgAIABIAEQAEgCQVXNlcnMvQ2VuZ2thcnVrL0RvY3VtZW50cy9Ta3JpcHNpL1JlZmVyZW5zaS9UaW5qYXVhbiBQdXN0YWthL1JhbmNhbmcgQXBsaWthc2kgTGF5YW5hbiBQZW5nYWR1YW4gTWFzeWFyYWthdCBEZW5nYW4gTWV0b2RlIEV4dHJlbWUgUHJvZ3JhbW1pbmcucGRmABMAAS8AABUAAgAQ//8AAIAG0hscHR5aJGNsYXNzbmFtZVgkY2xhc3Nlc11OU011dGFibGVEYXRhox0fIFZOU0RhdGFYTlNPYmplY3TSGxwiI1xOU0RpY3Rpb25hcnmiIiBfEA9OU0tleWVkQXJjaGl2ZXLRJidUcm9vdIABAAgAEQAaACMALQAyADcAQABGAE0AVQBgAGcAagBsAG4AcQBzAHUAdwCEAI4BBQEKARID1gPYA90D6APxA/8EAwQKBBMEGAQlBCgEOgQ9BEIAAAAAAAACAQAAAAAAAAAoAAAAAAAAAAAAAAAAAAAERA==}}

@jurthesis{mlearning,
	Author = {Hidayat Rizal and Satrio Adhy and Panji Wisnu Wirawan},
	Date-Added = {2017-09-22 06:19:12 +0000},
	Date-Modified = {2017-09-22 06:22:54 +0000},
	School = {Universitas Diponegoro},
	Title = {Perancangan Dan Pembuatan Mobile Learning Interaktif Berbasis Android Dengan Metode Personal Extreme Programming},
	Bdsk-File-1 = {YnBsaXN0MDDUAQIDBAUGJCVYJHZlcnNpb25YJG9iamVjdHNZJGFyY2hpdmVyVCR0b3ASAAGGoKgHCBMUFRYaIVUkbnVsbNMJCgsMDxJXTlMua2V5c1pOUy5vYmplY3RzViRjbGFzc6INDoACgAOiEBGABIAFgAdccmVsYXRpdmVQYXRoWWFsaWFzRGF0YV8QlS4uLy4uL1JlZmVyZW5zaS9UaW5qYXVhbiBQdXN0YWthL1BlcmFuY2FuZ2FuIERhbiBQZW1idWF0YW4gTW9iaWxlIExlYXJuaW5nIEludGVyYWt0aWYgQmVyYmFzaXMgQW5kcm9pZCBEZW5nYW4gTWV0b2RlIFBlcnNvbmFsIEV4dHJlbWUgUHJvZ3JhbW1pbmcucGRm0hcLGBlXTlMuZGF0YU8RAyQAAAAAAyQAAgAADE1hY2ludG9zaCBIRAAAAAAAAAAAAAAAAAAAANFThDxIKwAAAqfTCR9QZXJhbmNhbmdhbiBEYW4gUGVtIzJBN0QyRTYucGRmAAAAAAAAAAAAAAAAAAAAAAAAAAAAAAAAAAAAAAAAAAACp9Lm1emuZwAAAAAAAAAAAAIAAwAACSAAAAAAAAAAAAAAAAAAAAAQVGluamF1YW4gUHVzdGFrYQAQAAgAANFTIcwAAAARAAgAANXpS/cAAAABABgCp9MJAqQLoAKX/6IACYkfAAmJHgACmDcAAgBvTWFjaW50b3NoIEhEOlVzZXJzOgBDZW5na2FydWs6AERvY3VtZW50czoAU2tyaXBzaToAUmVmZXJlbnNpOgBUaW5qYXVhbiBQdXN0YWthOgBQZXJhbmNhbmdhbiBEYW4gUGVtIzJBN0QyRTYucGRmAAAOAOoAdABQAGUAcgBhAG4AYwBhAG4AZwBhAG4AIABEAGEAbgAgAFAAZQBtAGIAdQBhAHQAYQBuACAATQBvAGIAaQBsAGUAIABMAGUAYQByAG4AaQBuAGcAIABJAG4AdABlAHIAYQBrAHQAaQBmACAAQgBlAHIAYgBhAHMAaQBzACAAQQBuAGQAcgBvAGkAZAAgAEQAZQBuAGcAYQBuACAATQBlAHQAbwBkAGUAIABQAGUAcgBzAG8AbgBhAGwAIABFAHgAdAByAGUAbQBlACAAUAByAG8AZwByAGEAbQBtAGkAbgBnAC4AcABkAGYADwAaAAwATQBhAGMAaQBuAHQAbwBzAGgAIABIAEQAEgCxVXNlcnMvQ2VuZ2thcnVrL0RvY3VtZW50cy9Ta3JpcHNpL1JlZmVyZW5zaS9UaW5qYXVhbiBQdXN0YWthL1BlcmFuY2FuZ2FuIERhbiBQZW1idWF0YW4gTW9iaWxlIExlYXJuaW5nIEludGVyYWt0aWYgQmVyYmFzaXMgQW5kcm9pZCBEZW5nYW4gTWV0b2RlIFBlcnNvbmFsIEV4dHJlbWUgUHJvZ3JhbW1pbmcucGRmAAATAAEvAAAVAAIAEP//AACABtIbHB0eWiRjbGFzc25hbWVYJGNsYXNzZXNdTlNNdXRhYmxlRGF0YaMdHyBWTlNEYXRhWE5TT2JqZWN00hscIiNcTlNEaWN0aW9uYXJ5oiIgXxAPTlNLZXllZEFyY2hpdmVy0SYnVHJvb3SAAQAIABEAGgAjAC0AMgA3AEAARgBNAFUAYABnAGoAbABuAHEAcwB1AHcAhACOASYBKwEzBFsEXQRiBG0EdgSEBIgEjwSYBJ0EqgStBL8EwgTHAAAAAAAAAgEAAAAAAAAAKAAAAAAAAAAAAAAAAAAABMk=}}

@jurthesis{laurie2003,
	Author = {Laurie Williams and E. Michael Maximilien and Mladen Vouk},
	Date-Added = {2017-09-21 17:40:53 +0000},
	Date-Modified = {2017-09-21 17:43:57 +0000},
	School = {North Carolina State University},
	Title = {Test-Driven Development as a Defect-Reduction Practice},
	Year = {2003},
	Bdsk-File-1 = {YnBsaXN0MDDUAQIDBAUGJCVYJHZlcnNpb25YJG9iamVjdHNZJGFyY2hpdmVyVCR0b3ASAAGGoKgHCBMUFRYaIVUkbnVsbNMJCgsMDxJXTlMua2V5c1pOUy5vYmplY3RzViRjbGFzc6INDoACgAOiEBGABIAFgAdccmVsYXRpdmVQYXRoWWFsaWFzRGF0YV8QWS4uLy4uL1JlZmVyZW5zaS9MYXRhciBCZWxha2FuZy9UZXN0LURyaXZlbiBEZXZlbG9wbWVudCBhcyBhIERlZmVjdC1SZWR1Y3Rpb24gUHJhY3RpY2UucGRm0hcLGBlXTlMuZGF0YU8RAnAAAAAAAnAAAgAADE1hY2ludG9zaCBIRAAAAAAAAAAAAAAAAAAAANFThDxIKwAAAqgSCh9UZXN0LURyaXZlbiBEZXZlbG9wIzJBODBGNUIucGRmAAAAAAAAAAAAAAAAAAAAAAAAAAAAAAAAAAAAAAAAAAACqA9b1eoAiwAAAAAAAAAAAAIAAwAACSAAAAAAAAAAAAAAAAAAAAAOTGF0YXIgQmVsYWthbmcAEAAIAADRUyHMAAAAEQAIAADV6Z4bAAAAAQAYAqgSCgKkC6ACl/+iAAmJHwAJiR4AApg3AAIAbU1hY2ludG9zaCBIRDpVc2VyczoAQ2VuZ2thcnVrOgBEb2N1bWVudHM6AFNrcmlwc2k6AFJlZmVyZW5zaToATGF0YXIgQmVsYWthbmc6AFRlc3QtRHJpdmVuIERldmVsb3AjMkE4MEY1Qi5wZGYAAA4AdgA6AFQAZQBzAHQALQBEAHIAaQB2AGUAbgAgAEQAZQB2AGUAbABvAHAAbQBlAG4AdAAgAGEAcwAgAGEAIABEAGUAZgBlAGMAdAAtAFIAZQBkAHUAYwB0AGkAbwBuACAAUAByAGEAYwB0AGkAYwBlAC4AcABkAGYADwAaAAwATQBhAGMAaQBuAHQAbwBzAGgAIABIAEQAEgB1VXNlcnMvQ2VuZ2thcnVrL0RvY3VtZW50cy9Ta3JpcHNpL1JlZmVyZW5zaS9MYXRhciBCZWxha2FuZy9UZXN0LURyaXZlbiBEZXZlbG9wbWVudCBhcyBhIERlZmVjdC1SZWR1Y3Rpb24gUHJhY3RpY2UucGRmAAATAAEvAAAVAAIAEP//AACABtIbHB0eWiRjbGFzc25hbWVYJGNsYXNzZXNdTlNNdXRhYmxlRGF0YaMdHyBWTlNEYXRhWE5TT2JqZWN00hscIiNcTlNEaWN0aW9uYXJ5oiIgXxAPTlNLZXllZEFyY2hpdmVy0SYnVHJvb3SAAQAIABEAGgAjAC0AMgA3AEAARgBNAFUAYABnAGoAbABuAHEAcwB1AHcAhACOAOoA7wD3A2sDbQNyA30DhgOUA5gDnwOoA60DugO9A88D0gPXAAAAAAAAAgEAAAAAAAAAKAAAAAAAAAAAAAAAAAAAA9k=}}

@periodical{lowell2004,
	Author = {Lowell Lindstrom and Ron Jeffries},
	Date-Added = {2017-09-21 17:37:05 +0000},
	Date-Modified = {2017-09-21 17:40:21 +0000},
	Journal = {Information Systems Management},
	Title = {Extreme Programming and Agile Software Development Methodologies},
	Volume = {21},
	Year = {2004},
	Bdsk-File-1 = {YnBsaXN0MDDUAQIDBAUGJCVYJHZlcnNpb25YJG9iamVjdHNZJGFyY2hpdmVyVCR0b3ASAAGGoKgHCBMUFRYaIVUkbnVsbNMJCgsMDxJXTlMua2V5c1pOUy5vYmplY3RzViRjbGFzc6INDoACgAOiEBGABIAFgAdccmVsYXRpdmVQYXRoWWFsaWFzRGF0YV8QYy4uLy4uL1JlZmVyZW5zaS9MYXRhciBCZWxha2FuZy9FeHRyZW1lIFByb2dyYW1taW5nIGFuZCBBZ2lsZSBTb2Z0d2FyZSBEZXZlbG9wbWVudCBNZXRob2RvbG9naWVzLnBkZtIXCxgZV05TLmRhdGFPEQKOAAAAAAKOAAIAAAxNYWNpbnRvc2ggSEQAAAAAAAAAAAAAAAAAAADRU4Q8SCsAAAKoEgofRXh0cmVtZSBQcm9ncmFtbWluZyMyQTgwRUY4LnBkZgAAAAAAAAAAAAAAAAAAAAAAAAAAAAAAAAAAAAAAAAAAAqgO+NXp/tsAAAAAAAAAAAACAAMAAAkgAAAAAAAAAAAAAAAAAAAADkxhdGFyIEJlbGFrYW5nABAACAAA0VMhzAAAABEACAAA1emcawAAAAEAGAKoEgoCpAugApf/ogAJiR8ACYkeAAKYNwACAG1NYWNpbnRvc2ggSEQ6VXNlcnM6AENlbmdrYXJ1azoARG9jdW1lbnRzOgBTa3JpcHNpOgBSZWZlcmVuc2k6AExhdGFyIEJlbGFrYW5nOgBFeHRyZW1lIFByb2dyYW1taW5nIzJBODBFRjgucGRmAAAOAIoARABFAHgAdAByAGUAbQBlACAAUAByAG8AZwByAGEAbQBtAGkAbgBnACAAYQBuAGQAIABBAGcAaQBsAGUAIABTAG8AZgB0AHcAYQByAGUAIABEAGUAdgBlAGwAbwBwAG0AZQBuAHQAIABNAGUAdABoAG8AZABvAGwAbwBnAGkAZQBzAC4AcABkAGYADwAaAAwATQBhAGMAaQBuAHQAbwBzAGgAIABIAEQAEgB/VXNlcnMvQ2VuZ2thcnVrL0RvY3VtZW50cy9Ta3JpcHNpL1JlZmVyZW5zaS9MYXRhciBCZWxha2FuZy9FeHRyZW1lIFByb2dyYW1taW5nIGFuZCBBZ2lsZSBTb2Z0d2FyZSBEZXZlbG9wbWVudCBNZXRob2RvbG9naWVzLnBkZgAAEwABLwAAFQACABD//wAAgAbSGxwdHlokY2xhc3NuYW1lWCRjbGFzc2VzXU5TTXV0YWJsZURhdGGjHR8gVk5TRGF0YVhOU09iamVjdNIbHCIjXE5TRGljdGlvbmFyeaIiIF8QD05TS2V5ZWRBcmNoaXZlctEmJ1Ryb290gAEACAARABoAIwAtADIANwBAAEYATQBVAGAAZwBqAGwAbgBxAHMAdQB3AIQAjgD0APkBAQOTA5UDmgOlA64DvAPAA8cD0APVA+ID5QP3A/oD/wAAAAAAAAIBAAAAAAAAACgAAAAAAAAAAAAAAAAAAAQB}}

@periodical{wasserman2010,
	Author = {Anthony I. Wasserman},
	Date-Added = {2017-09-21 17:29:11 +0000},
	Date-Modified = {2017-09-21 17:34:15 +0000},
	Title = {Software Engineering Issues for Mobile Application Development},
	Year = {2010},
	Bdsk-File-1 = {YnBsaXN0MDDUAQIDBAUGJCVYJHZlcnNpb25YJG9iamVjdHNZJGFyY2hpdmVyVCR0b3ASAAGGoKgHCBMUFRYaIVUkbnVsbNMJCgsMDxJXTlMua2V5c1pOUy5vYmplY3RzViRjbGFzc6INDoACgAOiEBGABIAFgAdccmVsYXRpdmVQYXRoWWFsaWFzRGF0YV8QYS4uLy4uL1JlZmVyZW5zaS9MYXRhciBCZWxha2FuZy9Tb2Z0d2FyZSBFbmdpbmVlcmluZyBJc3N1ZXMgZm9yIE1vYmlsZSBBcHBsaWNhdGlvbiBEZXZlbG9wbWVudC5wZGbSFwsYGVdOUy5kYXRhTxECiAAAAAACiAACAAAMTWFjaW50b3NoIEhEAAAAAAAAAAAAAAAAAAAA0VOEPEgrAAACqBIKH1NvZnR3YXJlIEVuZ2luZWVyaW4jMkE4MEQwMS5wZGYAAAAAAAAAAAAAAAAAAAAAAAAAAAAAAAAAAAAAAAAAAAKoDQHV6fl9AAAAAAAAAAAAAgADAAAJIAAAAAAAAAAAAAAAAAAAAA5MYXRhciBCZWxha2FuZwAQAAgAANFTIcwAAAARAAgAANXplw0AAAABABgCqBIKAqQLoAKX/6IACYkfAAmJHgACmDcAAgBtTWFjaW50b3NoIEhEOlVzZXJzOgBDZW5na2FydWs6AERvY3VtZW50czoAU2tyaXBzaToAUmVmZXJlbnNpOgBMYXRhciBCZWxha2FuZzoAU29mdHdhcmUgRW5naW5lZXJpbiMyQTgwRDAxLnBkZgAADgCGAEIAUwBvAGYAdAB3AGEAcgBlACAARQBuAGcAaQBuAGUAZQByAGkAbgBnACAASQBzAHMAdQBlAHMAIABmAG8AcgAgAE0AbwBiAGkAbABlACAAQQBwAHAAbABpAGMAYQB0AGkAbwBuACAARABlAHYAZQBsAG8AcABtAGUAbgB0AC4AcABkAGYADwAaAAwATQBhAGMAaQBuAHQAbwBzAGgAIABIAEQAEgB9VXNlcnMvQ2VuZ2thcnVrL0RvY3VtZW50cy9Ta3JpcHNpL1JlZmVyZW5zaS9MYXRhciBCZWxha2FuZy9Tb2Z0d2FyZSBFbmdpbmVlcmluZyBJc3N1ZXMgZm9yIE1vYmlsZSBBcHBsaWNhdGlvbiBEZXZlbG9wbWVudC5wZGYAABMAAS8AABUAAgAQ//8AAIAG0hscHR5aJGNsYXNzbmFtZVgkY2xhc3Nlc11OU011dGFibGVEYXRhox0fIFZOU0RhdGFYTlNPYmplY3TSGxwiI1xOU0RpY3Rpb25hcnmiIiBfEA9OU0tleWVkQXJjaGl2ZXLRJidUcm9vdIABAAgAEQAaACMALQAyADcAQABGAE0AVQBgAGcAagBsAG4AcQBzAHUAdwCEAI4A8gD3AP8DiwONA5IDnQOmA7QDuAO/A8gDzQPaA90D7wPyA/cAAAAAAAACAQAAAAAAAAAoAAAAAAAAAAAAAAAAAAAD+Q==}}

@webpage{shiv2015,
	Author = {Shiv Kamal},
	Date-Added = {2017-09-21 17:16:50 +0000},
	Date-Modified = {2017-09-21 17:25:44 +0000},
	Lastchecked = {22/09/2017},
	Month = {08},
	Title = {You're Doing It Wrong: The Top 4 Reasons Why Apps Fail},
	Url = {https://clearbridgemobile.com/youre-doing-it-wrong-the-top-4-reasons-why-apps-fail/},
	Year = {2015},
	Bdsk-Url-1 = {https://clearbridgemobile.com/youre-doing-it-wrong-the-top-4-reasons-why-apps-fail/}}

@webpage{martin2011,
	Author = {Martin Langeveld},
	Date-Added = {2017-09-21 17:15:14 +0000},
	Date-Modified = {2017-09-21 17:25:09 +0000},
	Lastchecked = {22/09/2017},
	Month = {04},
	Title = {Why is the New York Times iPhone app so unstable?},
	Url = {https://www.quora.com/Why-is-the-New-York-Times-iPhone-app-so-unstable},
	Year = {2011},
	Bdsk-Url-1 = {https://www.quora.com/Why-is-the-New-York-Times-iPhone-app-so-unstable}}

@periodical{sylvia2012,
	Author = {Sylvia Chan-Olmsted and Hyejoon Rim and Amy Zerba},
	Date-Added = {2017-09-21 17:12:20 +0000},
	Date-Modified = {2017-09-21 17:14:41 +0000},
	Journal = {Journalism & Mass Communication Quarterly},
	Keywords = {mobile news, young adults, mobile phone, news adoption},
	Title = {Mobile News Adoption among Young Adults: Examining the Roles of Perceptions, News Consumption, and Media Usage},
	Year = {2012},
	Bdsk-File-1 = {YnBsaXN0MDDUAQIDBAUGJCVYJHZlcnNpb25YJG9iamVjdHNZJGFyY2hpdmVyVCR0b3ASAAGGoKgHCBMUFRYaIVUkbnVsbNMJCgsMDxJXTlMua2V5c1pOUy5vYmplY3RzViRjbGFzc6INDoACgAOiEBGABIAFgAdccmVsYXRpdmVQYXRoWWFsaWFzRGF0YV8QkC4uLy4uL1JlZmVyZW5zaS9MYXRhciBCZWxha2FuZy9Nb2JpbGUgTmV3cyBBZG9wdGlvbiBhbW9uZyBZb3VuZyBBZHVsdHMgRXhhbWluaW5nIHRoZSBSb2xlcyBvZiBQZXJjZXB0aW9ucywgTmV3cyBDb25zdW1wdGlvbiwgYW5kIE1lZGlhIFVzYWdlLnBkZtIXCxgZV05TLmRhdGFPEQMUAAAAAAMUAAIAAAxNYWNpbnRvc2ggSEQAAAAAAAAAAAAAAAAAAADRU4Q8SCsAAAKoEgofTW9iaWxlIE5ld3MgQWRvcHRpbyMyQTgxMjU4LnBkZgAAAAAAAAAAAAAAAAAAAAAAAAAAAAAAAAAAAAAAAAAAAqgSWNXqCyMAAAAAAAAAAAACAAMAAAkgAAAAAAAAAAAAAAAAAAAADkxhdGFyIEJlbGFrYW5nABAACAAA0VMhzAAAABEACAAA1emoswAAAAEAGAKoEgoCpAugApf/ogAJiR8ACYkeAAKYNwACAG1NYWNpbnRvc2ggSEQ6VXNlcnM6AENlbmdrYXJ1azoARG9jdW1lbnRzOgBTa3JpcHNpOgBSZWZlcmVuc2k6AExhdGFyIEJlbGFrYW5nOgBNb2JpbGUgTmV3cyBBZG9wdGlvIzJBODEyNTgucGRmAAAOAOQAcQBNAG8AYgBpAGwAZQAgAE4AZQB3AHMAIABBAGQAbwBwAHQAaQBvAG4AIABhAG0AbwBuAGcAIABZAG8AdQBuAGcAIABBAGQAdQBsAHQAcwAgAEUAeABhAG0AaQBuAGkAbgBnACAAdABoAGUAIABSAG8AbABlAHMAIABvAGYAIABQAGUAcgBjAGUAcAB0AGkAbwBuAHMALAAgAE4AZQB3AHMAIABDAG8AbgBzAHUAbQBwAHQAaQBvAG4ALAAgAGEAbgBkACAATQBlAGQAaQBhACAAVQBzAGEAZwBlAC4AcABkAGYADwAaAAwATQBhAGMAaQBuAHQAbwBzAGgAIABIAEQAEgCsVXNlcnMvQ2VuZ2thcnVrL0RvY3VtZW50cy9Ta3JpcHNpL1JlZmVyZW5zaS9MYXRhciBCZWxha2FuZy9Nb2JpbGUgTmV3cyBBZG9wdGlvbiBhbW9uZyBZb3VuZyBBZHVsdHMgRXhhbWluaW5nIHRoZSBSb2xlcyBvZiBQZXJjZXB0aW9ucywgTmV3cyBDb25zdW1wdGlvbiwgYW5kIE1lZGlhIFVzYWdlLnBkZgATAAEvAAAVAAIAEP//AACABtIbHB0eWiRjbGFzc25hbWVYJGNsYXNzZXNdTlNNdXRhYmxlRGF0YaMdHyBWTlNEYXRhWE5TT2JqZWN00hscIiNcTlNEaWN0aW9uYXJ5oiIgXxAPTlNLZXllZEFyY2hpdmVy0SYnVHJvb3SAAQAIABEAGgAjAC0AMgA3AEAARgBNAFUAYABnAGoAbABuAHEAcwB1AHcAhACOASEBJgEuBEYESARNBFgEYQRvBHMEegSDBIgElQSYBKoErQSyAAAAAAAAAgEAAAAAAAAAKAAAAAAAAAAAAAAAAAAABLQ=}}

@webpage{journalism2012,
	Author = {Amy Mitchell and Tom Rosenstiel and Leah Christian},
	Date-Added = {2017-09-21 17:05:43 +0000},
	Date-Modified = {2017-09-21 17:25:54 +0000},
	Lastchecked = {22/09/2017},
	Month = {03},
	Rating = {1},
	Title = {Mobile Devices and News Consumption: Some Good Signs for Journalism},
	Url = {http://www.journalism.org/2012/03/18/mobile-devices-and-news-consumption-some-good-signs-for-journalism/},
	Year = {2012},
	Bdsk-Url-1 = {http://www.journalism.org/2012/03/18/mobile-devices-and-news-consumption-some-good-signs-for-journalism/}}

@webpage{maulana2016,
	Author = {Arief Maulana},
	Date-Added = {2017-09-21 17:03:39 +0000},
	Date-Modified = {2017-09-21 17:26:01 +0000},
	Lastchecked = {22/09/2017},
	Month = {12},
	Title = {Media Massa Semakin Tergerus Perkembangan Teknologi Informasi},
	Url = {http://www.unpad.ac.id/2016/12/media-massa-semakin-tergerus-perkembangan-teknologi-informasi/},
	Year = {2016},
	Bdsk-Url-1 = {http://www.unpad.ac.id/2016/12/media-massa-semakin-tergerus-perkembangan-teknologi-informasi/}}

@book{Hafied2005,
	Author = {Prof. Dr. H. Hafied Cangara, M.Sc.},
	Date-Added = {2017-09-21 17:02:07 +0000},
	Date-Modified = {2017-09-21 17:03:02 +0000},
	Publisher = {RajaGrafindo Persada},
	Title = {Pengantar Ilmu Komunikasi},
	Year = {2005}}

@comment{BibDesk Static Groups{
<?xml version="1.0" encoding="UTF-8"?>
<!DOCTYPE plist PUBLIC "-//Apple//DTD PLIST 1.0//EN" "http://www.apple.com/DTDs/PropertyList-1.0.dtd">
<plist version="1.0">
<array>
	<dict>
		<key>group name</key>
		<string>Tinjauan Pustaka</string>
		<key>keys</key>
		<string>mlearning,pengaduan-masyarakat2017,kamus-akuntansi2014,rab2016,commerce2014</string>
	</dict>
</array>
</plist>
}}
